
@unpublished{OserDayNight,
author  = "Scott Oser",
title = "Summary of NCD-phase Day-Night Systematics",
year = 2009,
howpublished = "Internal document for SNO collaboration",
note = {\url{http://manhattan.sno.laurentian.ca/sno/ananoteb.nsf/URL/MANN-7UZ56U}}
}

@misc{RootBaseSite,
author="CERN",
title="Root homepage",
howpublished="\url{http://root.cern.ch}"
}

@ARTICLE{BP00,
   AUTHOR  = {John N. Bahcall and M. H. Pinsonneault and Sarbani Basu},
   TITLE   = {Solar Models: Current Epoch and Time Dependencies, Neutrinos and Helioseismological Properties},  
   YEAR    = {2001},
   JOURNAL = {Astrophysical Journal},
   VOLUME  = {555},
   PAGES   = {990--1012}
}

@ARTICLE{BS05,
   AUTHOR  = {John N. Bahcall and Aldo M. Serenelli and Sarbani Basu},
   TITLE   = {New Solar Opacities, Abundances, Helioseismology, and Neutrino Fluxes},  
   YEAR    = {2005},
   JOURNAL = {Astrophysical Journal},
   VOLUME  = {621},
   PAGES   = {L85--L88}
}

@ARTICLE{BetheEnergyStars,
   AUTHOR  = {H. A. Bethe},
   TITLE   = {Energy Production in Stars},  
   YEAR    = {1939},
   JOURNAL = {Physical Review},
   VOLUME  = {55},
   PAGES   = {434--456}
}

@Article{BahcallExpTheoryPredictions,
  author =       {John N. Bahcall},
  title =        {Solar Models and Solar Neutrinos: Current Status},
  journal =      "Phys. Scripta",
  year =         {2004},
  volume =    {T121},
  month =     {Dec},
  pages =     {46-50},
  note =      {arXiv:hep-ph/0412068v1}
}

@Article{SimpleAnalyticDayNight,
  author =       {Evgeny Kh. Akhmedov and Maria A. T\'{o}rtola and Jos\'{e} W. F. Valle},
  title =        {A simple analytic three-flavor description of the day-night effect in the solar neutrino flux},
  journal =      "Journal of High Energy Physics",
  year =         {2004},
  volume =    {JHEP05},
  month =     {May},
}

@inproceedings{NuPhysicsAkhmedov,
  author = {E. Kh. Akhmedov},
  title = {Neutrino Physics},
  year = 1999,
  organization = {Trieste Summer School in Particle Physics lectures},
  note = {arXiv:hep-ph/0001264}
}

@book{MassiveNuMohapatra,
  author = {Rabindra N. Mohapatra and Palash B. Pal},
  title = {Massive Neutrinos in Physics and Astrophysics},
  year = {2004},
  publisher = {World Scientific}
}

@book{NuclearPhysicsOfStars,
  author = {Christian Iliadis},
  title = {Nuclear Physics of Stars},
  year = {2007},
  publisher = {Wiley-Vch}
}

@book{HalzenMartin,
  author = {Francis Halzen and Alan D. Martin},
  title = {Quarks and Leptons: An Introductory Course in Modern Particle Physics},
  year = {1984},
  publisher = {John Wiley and Sons}
}

@book{GriffithsParticles,
  author = {David J. Griffiths},
  title = {Introduction to Elementary Particles},
  year = {2008},
  publisher = {Wiley-Vch}
}

@Article{ReinesCowan,
  author = {Frederick Reines and Clyde L. Cowan},
  title = {The Neutrino},
  journal = "Nature",
  year = {1956},
  volume = {178},
  month = {September},
  pages = {446-449}
}

@InCollection{WinterNeutrinoPhysicsPauli,
  author = {Wolfgang Pauli},
  title = "On the earlier and more recent history of the neutrino",
  booktitle = {Neutrino Physics},
  pages = {1--25},
  publisher = {Cambridge University Press},
  year = "1991",
  editor = {Klaus Winter}
}

@book{ZuberNeutrinoPhysics,
  author = "Kai Zuber",
  title = {Neutrino Physics},
  year = {2004},
  publisher = {Institute of Physics Publishing}
}

@article{PDG,
  author = {K. Nakamura and others},
  journal = "JPG",
  volume = 37,
  year = 2010,
  note = "\url{http://pdg.lbl.gov}"
}

@article{LEPZPole,
  author = {A. Heister and others},
  title = "Single and multi-photon production in $e^+e^-$ collisions at $\sqrt{s}$ up to 209 GeV",
  journal = "The European Physical Journal C",
  year = {2003},
  volume = {28},
  pages = {1--13},
  note = {DOI:10.1140/epjc/s2002-01129-7}
}

@Article{WolfensteinNuMatter,
  author = {L. Wolfenstein},
  title = {Neutrino Oscillations in Matter},
  journal = "Physical Review D",
  year = {1978},
  volume = {17},
  number = {9},
  month = {May},
  pages = {2369--2374}
}

@article{MSNuMatter,
  author = {S. P. Mikheyev and A. Yu. Smirnov},
  title = {Resonant amplification of $\nu$ oscillations in matter and solar-neutrino spectroscopy},
  journal = {Il Nuovo Cimento},
  volume = {9 C},
  number = {1},
  year = {1986},
  pages = {17--26}
}

@article{NuMassesMixing,
  author = {Alessandro Strumia and Francesco Vissani},
  title = {Neutrino masses and mixings and \ldots},
  note = {\url{http://arXiv.org/abs/hep-ph/0606054}}
}

@Article{ThreeFlavorsSolarNu,
  title = {Day-night effect in solar neutrino oscillations with three flavors},
  author = {Blennow, Mattias  and Ohlsson, Tommy  and Snellman, H\aa{}kan },
  journal = {Phys. Rev. D},
  volume = {69},
  number = {7},
  pages = {073006},
  numpages = {9},
  year = {2004},
  month = {Apr},
  doi = {10.1103/PhysRevD.69.073006},
  publisher = {American Physical Society}
}

@article{GuthDNMSW,
  author={Alan H. Guth and Lisa Randall and Mario Serna},
  title={{Day-night and energy dependence of MSW solar neutrinos for maximal mixing}},
  journal={Journal of High Energy Physics},
  volume={1999},
  number={08},
  pages={018},
  url={http://stacks.iop.org/1126-6708/1999/i=08/a=018},
  year={1999},
}

@article{Pontecorvo2,
title = "Neutrino astronomy and lepton charge",
journal = "Physics Letters B",
volume = "28",
number = "7",
pages = "493 - 496",
year = "1969",
note = "",
issn = "0370-2693",
doi = "DOI: 10.1016/0370-2693(69)90525-5",
url = "http://www.sciencedirect.com/science/article/pii/0370269369905255",
author = "V. Gribov and B. Pontecorvo"
}

@Article{MNS,
  title = {Remarks on the Unified Model of Elementary Particles},
  author = {Ziro Maki and Masami Nakagawa and Shoichi Sakata},
  journal = {Progress of Theoretical Physics},
  volume = {28},
  number = {5},
  pages = {870-880},
  numpages = {10},
  year = {1962},
  url = {http://ptp.ipap.jp/link?PTP/28/870/},
  doi = {10.1143/PTP.28.870},
  publisher = {Progress of Theoretical Physics}
}

@Article{Pontecorvo,
  title = {Neutrino experiments and the question of lepton charge conservation},
  author = {B. Pontecorvo},
  journal = {Zhurnal Eksperimental'noi i Teoreticheskoi Fiziki},
  volume = {53},
  number = {5},
  pages = {1717-1725},
  year = {1967},
}

For next article:
author = "J. Boger and R. L. Hahn and J. K. Rowley and A. L. Carter and B. Hollebone and D. Kessler and I. Blevis and F. Dalnoki-Veress and A. DeKok and J. Farine and D. R. Grant and C. K. Hargrove and G. Laberge and I. Levine and K. McFarlane and H. Mes and A. T. Noble and V. M. Novikov and M. O'Neill and M. Shatkay and C. Shewchuk and D. Sinclair and E. T. H. Clifford and R. Deal and E. D. Earle and E. Gaudette and G. Milton and B. Sur and J. Bigu and J. H. M. Cowan and D. L. Cluff and E. D. Hallman and R. U. Haq and J. Hewett and J. G. Hykawy and G. Jonkmans and R. Michaud and A. Roberge and J. Roberts and E. Saettler and M. H. Schwendener and H. Seifert and D. Sweezey and R. Tafirout and C. J. Virtue and D. N. Beck and Y. D. Chan and X. Chen and M. R. Dragowsky and F. W. Dycus and J. Gonzalez and M. C. P. Isaac and Y. Kajiyama and G. W. Koehler and K. T. Lesko and M. C. Moebus and E. B. Norman and C. E. Okada and A. W. P. Poon and P. Purgalis and A. Schuelke and A. R. Smith and R. G. Stokstad and S. Turner and I. Zlimen and J. M. Anaya and T. J. Bowles and S. J. Brice and Ernst-Ingo Esch and M. M. Fowler and Azriel Goldschmidt and A. Hime and A. F. McGirt and G. G. Miller and W. A. Teasdale and J. B. Wilhelmy and J. M. Wouters and J. D. Anglin and M. Bercovitch and W. F. Davidson and R. S. Storey and S. Biller and R. A. Black and R. J. Boardman and M. G. Bowler and J. Cameron and B. Cleveland and A. P. Ferraris and G. Doucas and H. Heron and C. Howard and N. A. Jelley and A. B. Knox and M. Lay and W. Locke and J. Lyon and S. Majerus and M. Moorhead and M. Omori and N. W. Tanner and R. K. Taplin and M. Thorman and D. L. Wark and N. West and J. C. Barton and P. T. Trent and R. Kouzes and M. M. Lowry and A. L. Bell and E. Bonvin and M. Boulay and M. Dayon and F. Duncan and L. S. Erhardt and H. C. Evans and G. T. Ewan and R. Ford and A. Hallin and A. Hamer and P. M. Hart and P. J. Harvey and D. Haslip and C. A. W. Hearns and R. Heaton and J. D. Hepburn and C. J. Jillings and E. P. Korpach and H. W. Lee and J. R. Leslie and M. -Q. Liu and H. B. Mak and A. B. McDonald and J. D. MacArthur and W. McLatchie and B. A. Moffat and S. Noel and T. J. Radcliffe and B. C. Robertson and P. Skensved and R. L. Stevenson and X. Zhu and S. Gil and J. Heise and R. L. Helmer and R. J. Komar and C. W. Nally and H. S. Ng and C. E. Waltham and R. C. Allen and G. BÃ¼hler and H. H. Chen and G. Aardsma and T. Andersen and K. Cameron and M. C. Chon and R. H. Hanson and P. Jagam and J. Karn and J. Law and R. W. Ollerhead and J. J. Simpson and N. Tagg and J. -X. Wang and C. Alexander and E. W. Beier and J. C. Cook and D. F. Cowen and E. D. Frank and W. Frati and P. T. Keener and J. R. Klein and G. Mayers and D. S. McDonald and M. S. Neubauer and F. M. Newcomer and R. J. Pearce and R. G. Van de Water and R. Van Berg and P. Wittich and Q. R. Ahmad and J. M. Beck and M. C. Browne and T. H. Burritt and P. J. Doe and C. A. Duba and S. R. Elliott and J. E. Franklin and J. V. Germani and P. Green and A. A. Hamian and K. M. Heeger and M. Howe and R. Meijer Drees and A. Myers and R. G. H. Robertson and M. W. E. Smith and T. D. Steiger and T. Van Wechel and J. F. Wilkerson",

@article{SNODetectorPaper,
title = "The Sudbury Neutrino Observatory",
journal = "Nuclear Instruments and Methods in Physics Research Section A: Accelerators, Spectrometers, Detectors and Associated Equipment",
volume = "449",
number = "1-2",
pages = "172 - 207",
year = "2000",
note = "",
issn = "0168-9002",
doi = "DOI: 10.1016/S0168-9002(99)01469-2",
url = "http://www.sciencedirect.com/science/article/pii/S0168900299014692",
author="J. Boger and others",
keywords = "Solar neutrinos",
keywords = "Cherenkov detector",
keywords = "Heavy water",
keywords = "3He-proportional counters",
keywords = "Water purification"
}

@misc{stanpull,
       author = {Stan Seibert},
       title = {Constraints and Correlations: Is Your Pull Normal?},
       howpublished = {SNO Internal Document},
       note={\url{http://manhattan.sno.laurentian.ca/sno/ananoteb.nsf/URL/MANN-7BRSWV}},
       year = {2008}
}

For NCDPRL:
  author = {Aharmim, B.  and Ahmed, S. N. and Amsbaugh, J. F. and Anthony, A. E. and Banar, J.  and Barros, N.  and Beier, E. W. and Bellerive, A.  and Beltran, B.  and Bergevin, M.  and Biller, S. D. and Boudjemline, K.  and Boulay, M. G. and Bowles, T. J. and Browne, M. C. and Bullard, T. V. and Burritt, T. H. and Cai, B.  and Chan, Y. D. and Chauhan, D.  and Chen, M.  and Cleveland, B. T. and Cox-Mobrand, G. A. and Currat, C. A. and Dai, X.  and Deng, H.  and Detwiler, J.  and DiMarco, M.  and Doe, P. J. and Doucas, G.  and Drouin, P.-L.  and Duba, C. A. and Duncan, F. A. and Dunford, M.  and Earle, E. D. and Elliott, S. R. and Evans, H. C. and Ewan, G. T. and Farine, J.  and Fergani, H.  and Fleurot, F.  and Ford, R. J. and Formaggio, J. A. and Fowler, M. M. and Gagnon, N.  and Germani, J. V. and Goldschmidt, A.  and Goon, J. T. M. and Graham, K.  and Guillian, E.  and Habib, S.  and Hahn, R. L. and Hallin, A. L. and Hallman, E. D. and Hamian, A. A. and Harper, G. C. and Harvey, P. J. and Hazama, R.  and Heeger, K. M. and Heintzelman, W. J. and Heise, J.  and Helmer, R. L. and Henning, R.  and Hime, A.  and Howard, C.  and Howe, M. A. and Huang, M.  and Jagam, P.  and Jamieson, B.  and Jelley, N. A. and Keeter, K. J. and Klein, J. R. and Kormos, L. L. and Kos, M.  and Kr\"uger, A.  and Kraus, C.  and Krauss, C. B. and Kutter, T.  and Kyba, C. C. M. and Lange, R.  and Law, J.  and Lawson, I. T. and Lesko, K. T. and Leslie, J. R. and Loach, J. C. and MacLellan, R.  and Majerus, S.  and Mak, H. B. and Maneira, J.  and Martin, R.  and McBryde, K.  and McCauley, N.  and McDonald, A. B. and McGee, S.  and Mifflin, C.  and Miller, G. G. and Miller, M. L. and Monreal, B.  and Monroe, J.  and Morissette, B.  and Myers, A.  and Nickel, B. G. and Noble, A. J. and Oblath, N. S. and O'Keeffe, H. M. and Ollerhead, R. W. and Gann, G. D. Orebi and Oser, S. M. and Ott, R. A. and Peeters, S. J. M. and Poon, A. W. P. and Prior, G.  and Reitzner, S. D. and Rielage, K.  and Robertson, B. C. and Robertson, R. G. H. and Rollin, E.  and Schwendener, M. H. and Secrest, J. A. and Seibert, S. R. and Simard, O.  and Simpson, J. J. and Sinclair, L.  and Skensved, P.  and Smith, M. W. E. and Steiger, T. D. and Stonehill, L. C. and Te\ifmmode \check{s}\else \v{s}\fi{}i\ifmmode \acute{c}\else \'{c}\fi{}, G.  and Thornewell, P. M. and Tolich, N.  and Tsui, T.  and Tunnell, C. D. and Van Wechel, T.  and Van Berg, R.  and VanDevender, B. A. and Virtue, C. J. and Walker, T. J. and Wall, B. L. and Waller, D.  and Tseung, H. Wan Chan and Wendland, J.  and West, N.  and Wilhelmy, J. B. and Wilkerson, J. F. and Wilson, J. R. and Wouters, J. M. and Wright, A.  and Yeh, M.  and Zhang, F.  and Zuber, K. },

@Article{NCDPRL,
  title = {{Independent Measurement of the Total Active $B8$ Solar Neutrino Flux Using an Array of $He3$ Proportional Counters at the Sudbury Neutrino Observatory}},
  author={Aharmim, B. and others},
  collaboration = {SNO Collaboration},
  journal = {Phys. Rev. Lett.},
  volume = {101},
  number = {11},
  pages = {111301},
  numpages = {5},
  year = {2008},
  month = {Sep},
  doi = {10.1103/PhysRevLett.101.111301},
  publisher = {American Physical Society}
}

For FirstSNOPRL
  author = {Ahmad, Q. R. and Allen, R. C. and Andersen, T. C. and Anglin, J. D. and B\"uhler, G.  and Barton, J. C. and Beier, E. W. and Bercovitch, M.  and Bigu, J.  and Biller, S.  and Black, R. A. and Blevis, I.  and Boardman, R. J. and Boger, J.  and Bonvin, E.  and Boulay, M. G. and Bowler, M. G. and Bowles, T. J. and Brice, S. J. and Browne, M. C. and Bullard, T. V. and Burritt, T. H. and Cameron, K.  and Cameron, J.  and Chan, Y. D. and Chen, M.  and Chen, H. H. and Chen, X.  and Chon, M. C. and Cleveland, B. T. and Clifford, E. T. H. and Cowan, J. H. M. and Cowen, D. F. and Cox, G. A. and Dai, Y.  and Dai, X.  and Dalnoki-Veress, F.  and Davidson, W. F. and Doe, P. J. and Doucas, G.  and Dragowsky, M. R. and Duba, C. A. and Duncan, F. A. and Dunmore, J.  and Earle, E. D. and Elliott, S. R. and Evans, H. C. and Ewan, G. T. and Farine, J.  and Fergani, H.  and Ferraris, A. P. and Ford, R. J. and Fowler, M. M. and Frame, K.  and Frank, E. D. and Frati, W.  and Germani, J. V. and Gil, S.  and Goldschmidt, A.  and Grant, D. R. and Hahn, R. L. and Hallin, A. L. and Hallman, E. D. and Hamer, A.  and Hamian, A. A. and Haq, R. U. and Hargrove, C. K. and Harvey, P. J. and Hazama, R.  and Heaton, R.  and Heeger, K. M. and Heintzelman, W. J. and Heise, J.  and Helmer, R. L. and Hepburn, J. D. and Heron, H.  and Hewett, J.  and Hime, A.  and Howe, M.  and Hykawy, J. G. and Isaac, M. C. P. and Jagam, P.  and Jelley, N. A. and Jillings, C.  and Jonkmans, G.  and Karn, J.  and Keener, P. T. and Kirch, K.  and Klein, J. R. and Knox, A. B. and Komar, R. J. and Kouzes, R.  and Kutter, T.  and Kyba, C. C. M. and Law, J.  and Lawson, I. T. and Lay, M.  and Lee, H. W. and Lesko, K. T. and Leslie, J. R. and Levine, I.  and Locke, W.  and Lowry, M. M. and Luoma, S.  and Lyon, J.  and Majerus, S.  and Mak, H. B. and Marino, A. D. and McCauley, N.  and McDonald, A. B. and McDonald, D. S. and McFarlane, K.  and McGregor, G.  and McLatchie, W.  and Drees, R. Meijer and Mes, H.  and Mifflin, C.  and Miller, G. G. and Milton, G.  and Moffat, B. A. and Moorhead, M.  and Nally, C. W. and Neubauer, M. S. and Newcomer, F. M. and Ng, H. S. and Noble, A. J. and Norman, E. B. and Novikov, V. M. and O'Neill, M.  and Okada, C. E. and Ollerhead, R. W. and Omori, M.  and Orrell, J. L. and Oser, S. M. and Poon, A. W. P. and Radcliffe, T. J. and Roberge, A.  and Robertson, B. C. and Robertson, R. G. H. and Rowley, J. K. and Rusu, V. L. and Saettler, E.  and Schaffer, K. K. and Schuelke, A.  and Schwendener, M. H. and Seifert, H.  and Shatkay, M.  and Simpson, J. J. and Sinclair, D.  and Skensved, P.  and Smith, A. R. and Smith, M. W. E. and Starinsky, N.  and Steiger, T. D. and Stokstad, R. G. and Storey, R. S. and Sur, B.  and Tafirout, R.  and Tagg, N.  and Tanner, N. W. and Taplin, R. K. and Thorman, M.  and Thornewell, P.  and Trent, P. T. and Tserkovnyak, Y. I. and Van Berg, R.  and Van de Water, R. G. and Virtue, C. J. and Waltham, C. E. and Wang, J.-X.  and Wark, D. L. and West, N.  and Wilhelmy, J. B. and Wilkerson, J. F. and Wilson, J.  and Wittich, P.  and Wouters, J. M. and Yeh, M. },

@Article{FirstSNOPRL,
  title = {Measurement of the Rate of $\nu{}_e + d \rightarrow{} p + p + e-$ Interactions Produced by {$B8$} Solar Neutrinos at the {Sudbury Neutrino Observatory}},
  collaboration = {(SNO Collaboration)},
  author = {Ahmad, Q. R. and others},
  journal = {Phys. Rev. Lett.},
  volume = {87},
  number = {7},
  pages = {071301},
  numpages = {6},
  year = {2001},
  month = {Jul},
  doi = {10.1103/PhysRevLett.87.071301},
  publisher = {American Physical Society}
}

For SNOPRL2:
  author = {Ahmad, Q. R. and Allen, R. C. and Andersen, T. C. and D.Anglin, J.  and Barton, J. C. and Beier, E. W. and Bercovitch, M.  and Bigu, J.  and Biller, S. D. and Black, R. A. and Blevis, I.  and Boardman, R. J. and Boger, J.  and Bonvin, E.  and Boulay, M. G. and Bowler, M. G. and Bowles, T. J. and Brice, S. J. and Browne, M. C. and Bullard, T. V. and B\"uhler, G.  and Cameron, J.  and Chan, Y. D. and Chen, H. H. and Chen, M.  and Chen, X.  and Cleveland, B. T. and Clifford, E. T. H. and Cowan, J. H. M. and Cowen, D. F. and Cox, G. A. and Dai, X.  and Dalnoki-Veress, F.  and Davidson, W. F. and Doe, P. J. and Doucas, G.  and Dragowsky, M. R. and Duba, C. A. and Duncan, F. A. and Dunford, M.  and Dunmore, J. A. and Earle, E. D. and Elliott, S. R. and Evans, H. C. and Ewan, G. T. and Farine, J.  and Fergani, H.  and Ferraris, A. P. and Ford, R. J. and Formaggio, J. A. and Fowler, M. M. and Frame, K.  and Frank, E. D. and Frati, W.  and Gagnon, N.  and Germani, J. V. and Gil, S.  and Graham, K.  and Grant, D. R. and Hahn, R. L. and Hallin, A. L. and Hallman, E. D. and Hamer, A. S. and Hamian, A. A. and Handler, W. B. and Haq, R. U. and Hargrove, C. K. and Harvey, P. J. and Hazama, R.  and Heeger, K. M. and Heintzelman, W. J. and Heise, J.  and Helmer, R. L. and Hepburn, J. D. and Heron, H.  and Hewett, J.  and Hime, A.  and Howe, M.  and Hykawy, J. G. and Isaac, M. C. P. and Jagam, P.  and Jelley, N. A. and Jillings, C.  and Jonkmans, G.  and Kazkaz, K.  and Keener, P. T. and Klein, J. R. and Knox, A. B. and Komar, R. J. and Kouzes, R.  and Kutter, T.  and Kyba, C. C. M. and Law, J.  and Lawson, I. T. and Lay, M.  and Lee, H. W. and Lesko, K. T. and Leslie, J. R. and Levine, I.  and Locke, W.  and Luoma, S.  and Lyon, J.  and Majerus, S.  and Mak, H. B. and Maneira, J.  and Manor, J.  and Marino, A. D. and McCauley, N.  and McDonald, A. B. and McDonald, D. S. and McFarlane, K.  and McGregor, G.  and Meijer Drees, R.  and Mifflin, C.  and Miller, G. G. and Milton, G.  and Moffat, B. A. and Moorhead, M.  and Nally, C. W. and Neubauer, M. S. and Newcomer, F. M. and Ng, H. S. and Noble, A. J. and Norman, E. B. and Novikov, V. M. and O'Neill, M.  and Okada, C. E. and Ollerhead, R. W. and Omori, M.  and Orrell, J. L. and Oser, S. M. and Poon, A. W. P. and Radcliffe, T. J. and Roberge, A.  and Robertson, B. C. and Robertson, R. G. H. and Rosendahl, S. S. E. and Rowley, J. K. and Rusu, V. L. and Saettler, E.  and Schaffer, K. K. and Schwendener, M. H. and Sch\"ulke, A.  and Seifert, H.  and Shatkay, M.  and Simpson, J. J. and Sims, C. J. and Sinclair, D.  and Skensved, P.  and Smith, A. R. and Smith, M. W. E. and Spreitzer, T.  and Starinsky, N.  and Steiger, T. D. and Stokstad, R. G. and Stonehill, L. C. and Storey, R. S. and Sur, B.  and Tafirout, R.  and Tagg, N.  and Tanner, N. W. and Taplin, R. K. and Thorman, M.  and Thornewell, P. M. and Trent, P. T. and Tserkovnyak, Y. I. and Van Berg, R.  and Van de Water, R. G. and Virtue, C. J. and Waltham, C. E. and Wang, J.-X.  and Wark, D. L. and West, N.  and Wilhelmy, J. B. and Wilkerson, J. F. and Wilson, J. R. and Wittich, P.  and Wouters, J. M. and Yeh, M. }

@Article{SNOPRL2,
  title = {Direct Evidence for Neutrino Flavor Transformation from Neutral-Current Interactions in the Sudbury Neutrino Observatory},
  author = {Ahmad, Q. R. and others},
  journal = {Phys. Rev. Lett.},
  volume = {89},
  number = {1},
  pages = {011301},
  numpages = {6},
  year = {2002},
  month = {Jun},
  doi = {10.1103/PhysRevLett.89.011301},
  publisher = {American Physical Society}
}


For SNOFirstDayNightPRL:
  author = {Ahmad, Q. R. and Allen, R. C. and Andersen, T. C. and Anglin, J. D. and Barton, J. C. and Beier, E. W. and Bercovitch, M.  and Bigu, J.  and Biller, S. D. and Black, R. A. and Blevis, I.  and Boardman, R. J. and Boger, J.  and Bonvin, E.  and Boulay, M. G. and Bowler, M. G. and Bowles, T. J. and Brice, S. J. and Browne, M. C. and Bullard, T. V. and B\"uhler, G.  and Cameron, J.  and Chan, Y. D. and Chen, H. H. and Chen, M.  and Chen, X.  and Cleveland, B. T. and Clifford, E. T. H. and Cowan, J. H. M. and Cowen, D. F. and Cox, G. A. and Dai, X.  and Dalnoki-Veress, F.  and Davidson, W. F. and Doe, P. J. and Doucas, G.  and Dragowsky, M. R. and Duba, C. A. and Duncan, F. A. and Dunford, M.  and Dunmore, J. A. and Earle, E. D. and Elliott, S. R. and Evans, H. C. and Ewan, G. T. and Farine, J.  and Fergani, H.  and Ferraris, A. P. and Ford, R. J. and Formaggio, J. A. and Fowler, M. M. and Frame, K.  and Frank, E. D. and Frati, W.  and Gagnon, N.  and Germani, J. V. and Gil, S.  and Graham, K.  and Grant, D. R. and Hahn, R. L. and Hallin, A. L. and Hallman, E. D. and Hamer, A. S. and Hamian, A. A. and Handler, W. B. and Haq, R. U. and Hargrove, C. K. and Harvey, P. J. and Hazama, R.  and Heeger, K. M. and Heintzelman, W. J. and Heise, J.  and Helmer, R. L. and Hepburn, J. D. and Heron, H.  and Hewett, J.  and Hime, A.  and Howe, M.  and Hykawy, J. G. and Isaac, M. C. P. and Jagam, P.  and Jelley, N. A. and Jillings, C.  and Jonkmans, G.  and Kazkaz, K.  and Keener, P. T. and Klein, J. R. and Knox, A. B. and Komar, R. J. and Kouzes, R.  and Kutter, T.  and Kyba, C. C. M. and Law, J.  and Lawson, I. T. and Lay, M.  and Lee, H. W. and Lesko, K. T. and Leslie, J. R. and Levine, I.  and Locke, W.  and Luoma, S.  and Lyon, J.  and Majerus, S.  and Mak, H. B. and Maneira, J.  and Manor, J.  and Marino, A. D. and McCauley, N.  and McDonald, A. B. and McDonald, D. S. and McFarlane, K.  and McGregor, G.  and Meijer Drees, R.  and Mifflin, C.  and Miller, G. G. and Milton, G.  and Moffat, B. A. and Moorhead, M.  and Nally, C. W. and Neubauer, M. S. and Newcomer, F. M. and Ng, H. S. and Noble, A. J. and Norman, E. B. and Novikov, V. M. and O'Neill, M.  and Okada, C. E. and Ollerhead, R. W. and Omori, M.  and Orrell, J. L. and Oser, S. M. and Poon, A. W. P. and Radcliffe, T. J. and Roberge, A.  and Robertson, B. C. and Robertson, R. G. H. and Rosendahl, S. S. E. and Rowley, J. K. and Rusu, V. L. and Saettler, E.  and Schaffer, K. K. and Schwendener, M. H. and Sch\"ulke, A.  and Seifert, H.  and Shatkay, M.  and Simpson, J. J. and Sims, C. J. and Sinclair, D.  and Skensved, P.  and Smith, A. R. and Smith, M. W. E. and Spreitzer, T.  and Starinsky, N.  and Steiger, T. D. and Stokstad, R. G. and Stonehill, L. C. and Storey, R. S. and Sur, B.  and Tafirout, R.  and Tagg, N.  and Tanner, N. W. and Taplin, R. K. and Thorman, M.  and Thornewell, P. M. and Trent, P. T. and Tserkovnyak, Y. I. and Van Berg, R.  and Van de Water, R. G. and Virtue, C. J. and Waltham, C. E. and Wang, J.-X.  and Wark, D. L. and West, N.  and Wilhelmy, J. B. and Wilkerson, J. F. and Wilson, J. R. and Wittich, P.  and Wouters, J. M. and Yeh, M. },

@Article{SNOFirstDayNightPRL,
  title = {Measurement of Day and Night Neutrino Energy Spectra at {SNO} and Constraints on Neutrino Mixing Parameters},
  collaboration = {(SNO Collaboration)},
  author = {Ahmad, Q. R. and others},
  journal = {Phys. Rev. Lett.},
  volume = {89},
  number = {1},
  pages = {011302},
  numpages = {5},
  year = {2002},
  month = {Jun},
  doi = {10.1103/PhysRevLett.89.011302},
  publisher = {American Physical Society}
}


@unpublished{JeffEnergySys,
	author = {Jeff Secrest},
	Howpublished = {SNO Internal Document},
	title = {Energy Systematics for the Phase {III}},
	note = {\url{http://manhattan.sno.laurentian.ca/sno/ananoteb.nsf/URL/MANN-7CPS49}},
	year = 2008
}

@unpublished{AlainEnergyNonLin,
	Author = {Alain Bellerive},
	Howpublished = {SNO Internal Document},
	Title = {{Energy Non-Linearity - NCD Phase}},
	Year = {2010},
	note={\url{http://manhattan.sno.laurentian.ca/sno/ananoteb.nsf/URL/MANN-87E4K5}}}

@unpublished{AlainRadialScale,
	Author = {Alain Bellerive},
	Howpublished = {SNO Internal Document},
	Title = {{PMT Radial Scale - NCD Phase}},
	Year = {2010},
	note={\url{http://manhattan.sno.laurentian.ca/sno/ananoteb.nsf/URL/MANN-8573HE}}}

@unpublished{BlairNCD,
	Author = {Blair Jamieson},
	Howpublished = {SNO Internal Document},
	Keywords = {SNO, SigEx, NCD, Markov Chain, Monte Carlo, Jamieson},
	Title = {{SNO} {NCD} Phase Signal Extraction on Unblinded Data with Integration over Systematic Nuisance Parameters by {M}arkov-Chain {M}onte {C}arlo},
        note={\url{http://manhattan.sno.laurentian.ca/sno/ananoteb.nsf/URL/MANN-7NCU9S}},
	Year = {2008}}


@unpublished{PLFTN,
	Author = {Pierre-Luc Drouin},
	Howpublished = {SNO Internal Document},
	Title = {Implementation of {FTN} Systematic Uncertainties in {NCD} Phase Signal Extraction},
	Year = {2008},
	note={\url{http://manhattan.sno.laurentian.ca/sno/ananoteb.nsf/URL/MANN-7CLTE5}}}

@article{Winter,
title = "Measurement of the 8B neutrino spectrum",
journal = "Nuclear Physics A",
volume = "721",
number = "",
pages = "C553 - C555",
year = "2003",
note = "",
issn = "0375-9474",
doi = "DOI: 10.1016/S0375-9474(03)01122-9",
url = "http://www.sciencedirect.com/science/article/pii/S0375947403011229",
author = "W. Winter and others"
}

@misc{BlairPrivateComm,
  author =	 "Blair Jamieson",
  title =	 {N16 Study data},
  month =	 "February",
  year =	 2008,
  howpublished = "Private communication"
}

@unpublished{salt-asymm,
  author = "Kevin Graham",
  title = {Directional Uncertainties for {NSP}},
  month = "April",
  year = 2004,
  howpublished = "SNO Internal Document",
  note = {\url{http://manhattan.sno.laurentian.ca/sno/ananoteb.nsf/URL/MANN-5VUQEH}}
}

@phdthesis{MiknaitisThesis,
  author =	 "Kathryn Miknaitis",
  title =	 "A Search for Matter Enhanced Neutrino Oscillations through Measurements of Day and Night Solar Neutrino Fluxes at the Sudbury Neutrino Observatory",
  school =	 "University of Washington",
  address =	 "Seattle, Washington",
  year =	 {2005}
}

@unpublished{3PhaseUnidoc,
  author = "3-Phase working group",
  title = "3-Phase Unidoc",
  year = 2011,
  howpublished = "SNO Internal Document"
}

@article{n16doc,
title = {{The 16N calibration source for the Sudbury Neutrino Observatory}},
journal = "Nuclear Instruments and Methods in Physics Research Section A: Accelerators, Spectrometers, Detectors and Associated Equipment",
volume = "481",
number = "1-3",
pages = "284 - 296",
year = "2002",
note = "",
issn = "0168-9002",
doi = "DOI: 10.1016/S0168-9002(01)02062-9",
url = "http://www.sciencedirect.com/science/article/pii/S0168900201020629",
author = "M. R. Dragowsky and others",
keywords = "Sudbury Neutrino Observatory",
keywords = "Solar neutrinos",
keywords = "Radioactive source",
keywords = "Energy calibration",
keywords = "16N [beta]-decay"
}

@misc{PSA,
  author = "Noah Oblath and others",
  title = {{PSA}},
  howpublished = {SNO Internal Document},
  year = "2010"
}

@misc{signalSimulation,
  author = "Someone",
  title = {{MC stuff}},
  howpublished = {SNO Internal Document},
  year = "2008"
}

@misc{d2o-asymm,
  author = "Someone else",
  title = "D2O Day Night paper",
  howpublished = {Probably a PRL},
  year = "2001"
}

@Article{LETAPhysRev,
  title = {Low-energy-threshold analysis of the {Phase I} and {Phase II} data sets of the {Sudbury Neutrino Observatory}},
  collaboration = {SNO Collaboration},
  author = {Aharmim, B.  and others},
  journal = {Phys. Rev. C},
  volume = {81},
  number = {5},
  pages = {055504},
  numpages = {49},
  year = {2010},
  month = {May},
  doi = {10.1103/PhysRevC.81.055504},
  publisher = {American Physical Society}
}

@Article{D2OLongPaperPRC,
  title = {{Determination of the $\nu{}e$ and total $B8$ solar neutrino fluxes using the Sudbury Neutrino Observatory Phase I data set}},
  collaboration = {SNO Collaboration},
  author = {Aharmim, B.  and others},
  journal = {Phys. Rev. C},
  volume = {75},
  number = {4},
  pages = {045502},
  numpages = {69},
  year = {2007},
  month = {Apr},
  doi = {10.1103/PhysRevC.75.045502},
  publisher = {American Physical Society}
}

@article{ChadwickBeta,
  author = "J. Chadwick",
  journal = {Verh. d. deutschen Phys. Ges.},
  year = {1914},
  volume = {16},
  pages = {383}
}

@article{EllisBeta,
  author = "C. D. Ellis and W. A. Wooster",
  journal = {Proc. R. Soc. A},
  year = {1927},
  volume = {117},
  pages = {109}
}

@article{MeiBeta,
  author = "L. Meitner and W. Orthmann",
  journal = {Z. Phys.},
  year = {1930},
  volume = {60},
  pages = {143}
}

@book{ref:DataAnalysisBook,
    author  = {Phil Gregory},
    title = {Bayesian Logical Data Analysis for the Physical Sciences},
    Publisher = {Cambridge University Press},
    year = 2005
}

@ARTICLE{MetropolisPaper,
   author = {{Metropolis}, N. and {Rosenbluth}, A.~W. and {Rosenbluth}, M.~N. and 
	{Teller}, A.~H. and {Teller}, E.},
    title = "{Equation of State Calculations by Fast Computing Machines}",
  journal = {Journal Of Chemical Physics},
     year = 1953,
    month = jun,
   volume = 21,
    pages = {1087-1092},
      doi = {10.1063/1.1699114},
   adsurl = {http://adsabs.harvard.edu/abs/1953JChPh..21.1087M},
  adsnote = {Provided by the SAO/NASA Astrophysics Data System}
}

@book{BayesianIntro,
  author = "E. T. Jaynes and G. Larry Brelthorst",
  title = {Probability Theory: The Logic of Science},
  Publisher = {Cambridge University Press},
  year = 2003
}

@Article{CNOLineSpectra,
  title = {Solar neutrinos from CNO electron capture},
  author = {Stonehill, L. C. and Formaggio, J. A. and Robertson, R. G. H.},
  journal = {Phys. Rev. C},
  volume = {69},
  number = {1},
  pages = {015801},
  numpages = {4},
  year = {2004},
  month = {Jan},
  doi = {10.1103/PhysRevC.69.015801},
  publisher = {American Physical Society}
}

@Article{DavisPRL,
  title = {Search for Neutrinos from the Sun},
  author = {Davis, Raymond  and Harmer, Don S. and Hoffman, Kenneth C.},
  journal = {Phys. Rev. Lett.},
  volume = {20},
  number = {21},
  pages = {1205--1209},
  numpages = {4},
  year = {1968},
  month = {May},
  doi = {10.1103/PhysRevLett.20.1205},
  publisher = {American Physical Society}
}

@techreport{NealReport,
  author = "Radford M. Neal",
  title = "Probabilistic Inference Using Markov Chain Monte Carlo Methods",
  institution = "University of Toronto",
  year = {1993},
  number = {CRG-TR-93-1}
}

@article{DynamicStepPaper,
     title = {On Adaptive Markov Chain Monte Carlo Algorithms},
     author = {AtchadÃ©, Yves F. and Rosenthal, Jeffrey S.},
     journal = {Bernoulli},
     volume = {11},
     number = {5},
     jstor_formatteddate = {Oct., 2005},
     pages = {pp. 815-828},
     url = {http://www.jstor.org/stable/25464765},
     ISSN = {13507265},
     language = {English},
     year = {2005},
     publisher = {International Statistical Institute (ISI) and Bernoulli Society for Mathematical Statistics and Probability},
     copyright = {Copyright Â© 2005 International Statistical Institute (ISI) and Bernoulli Society for Mathematical Statistics and Probability}
}

@misc{Minuit,
  author="F. James",
  title={{MINUIT} Reference Manual},
  howpublished={\url{http://wwwasdoc.web.cern.ch/wwwasdoc/minuit/minmain.html}}
}

@unpublished{Oser3Phase,
author  = "Scott Oser",
title = {{Implementing the ultimate 3-Phase SNO analysis as a meta-analysis}},
year = 2009,
howpublished = "Internal document for SNO collaboration",
note = {\url{http://manhattan.sno.laurentian.ca/sno/ananoteb.nsf/URL/MANN-7PLUFN}}
}

@article{NCDMC,
  author = "B. Beltran and others",
  title = {{A Monte Carlo simulation of the Sudbury Neutrino Observatory proportional counters}},
  year = "2011",
  journal = "New J. Phys.",
  volume = "To appear",
  note = "arXiv:1104.2573v1"
}

@misc{PSAPoster,
  author = "Martin R, Oblath, N S and Tolich N",
  year = "2010",
  title = {{Pulse-Shape Analysis for the Third Phase of the Sudbury Neutrino Observatory}},
  howpublished = {{XXIV International Conference on Neutrino Physics and Astrophysics, Athens, Greece}} 
}

@misc{NCDLongPaper,
  author = "B. Aharmim and others",
  year = "2011",
  title = {Measurement of the $\nu_e$ and total $^8${B} Solar Neutrino Fluxes with the {Sudbury Neutrino Observatory Phase-III} data set},
  howpublished={To Be Published}
}

@misc{HamishTargetProperties,
  author = "H. Robertson",
  title = "Long D2O Paper: Target Properties",
  howpublished = {{SNO Internal Document}},
  note={\url{http://manhattan.sno.laurentian.ca/sno/ananoteb.nsf/URL/MANN-7439UR}}
}

@misc{LETAUnidoc,
  author = "G. O. Gann and others",
  title = "LETA Unidoc",
  howpublished = {{SNO Internal Document}},
  note={\url{http://manhattan.sno.laurentian.ca/sno/ananoteb.nsf/URL/MANN-7R5LC8}}
}


@Article{D2OPRL,
  title = {Direct Evidence for Neutrino Flavor Transformation from Neutral-Current Interactions in the Sudbury Neutrino Observatory},
  author = {Ahmad, Q. R. and others}, 
  journal = {Phys. Rev. Lett.},
  volume = {89},
  number = {1},
  pages = {011301},
  numpages = {6},
  year = {2002},
  month = {Jun},
  doi = {10.1103/PhysRevLett.89.011301},
  publisher = {American Physical Society}
}


@Article{D2OPRLCCOnly,
  title = {Measurement of the Rate of $\nu{}e + d \rightarrow{} p + p + e-$ Interactions Produced by $B8$ Solar Neutrinos at the {Sudbury Neutrino Observatory}},
  collaboration = {(SNO Collaboration)},
  author = {Ahmad, Q. R. and others},
  journal = {Phys. Rev. Lett.},
  volume = {87},
  number = {7},
  pages = {071301},
  numpages = {6},
  year = {2001},
  month = {Jul},
  doi = {10.1103/PhysRevLett.87.071301},
  publisher = {American Physical Society}
}


@Article{SaltPRL,
  title = {Measurement of the Total Active $B8$ Solar Neutrino Flux at the Sudbury Neutrino Observatory with Enhanced Neutral Current Sensitivity},
  collaboration = {SNO Collaboration},
  author = {Ahmed, S. N. and others},
  journal = {Phys. Rev. Lett.},
  volume = {92},
  number = {18},
  pages = {181301},
  numpages = {6},
  year = {2004},
  month = {May},
  doi = {10.1103/PhysRevLett.92.181301},
  publisher = {American Physical Society}
}

@Article{SaltDayNight,
  title = {Electron energy spectra, fluxes, and day-night asymmetries of $8$B solar neutrinos from measurements with NaCl dissolved in the heavy-water detector at the Sudbury Neutrino Observatory},
  collaboration = {SNO Collaboration},
  author = {Aharmim, B.  and others},
  journal = {Phys. Rev. C},
  volume = {72},
  number = {5},
  pages = {055502},
  numpages = {47},
  year = {2005},
  month = {Nov},
  doi = {10.1103/PhysRevC.72.055502},
  publisher = {American Physical Society}
}

@Article{ChenPaper,
  title = {Direct Approach to Resolve the Solar-Neutrino Problem},
  author = {Chen, Herbert H.},
  journal = {Phys. Rev. Lett.},
  volume = {55},
  number = {14},
  pages = {1534--1536},
  numpages = {2},
  year = {1985},
  month = {Sep},
  doi = {10.1103/PhysRevLett.55.1534},
  publisher = {American Physical Society}
}

@Article{CCCrossSectionPRC,
  title = {Neutrino reactions on the deuteron},
  author = {Nakamura, S.  and Sato, T.  and Gudkov, V.  and Kubodera, K. },
  journal = {Phys. Rev. C},
  volume = {63},
  number = {3},
  pages = {034617},
  numpages = {18},
  year = {2001},
  month = {Feb},
  doi = {10.1103/PhysRevC.63.034617},
  publisher = {American Physical Society}
}

@misc{ConfigFileSite,
  author = "Richard J. Wagner",
  howpublished = "http://www-personal.umich.edu/~wagnerr/ConfigFile.html"
}

@article{Homestake,
  author={Bruce T. Cleveland and others},
  title={Measurement of the Solar Electron Neutrino Flux with the Homestake Chlorine Detector},
  journal={The Astrophysical Journal},
  volume={496},
  number={1},
  pages={505},
  url={http://stacks.iop.org/0004-637X/496/i=1/a=505},
  year={1998}
}

@Article{SAGE,
  title = {Measurement of the solar neutrino capture rate with gallium metal},
  collaboration = {(SAGE Collaboration)},
  author = {Abdurashitov, J. N. and others},
  journal = {Phys. Rev. C},
  volume = {60},
  number = {5},
  pages = {055801},
  numpages = {32},
  year = {1999},
  month = {Oct},
  doi = {10.1103/PhysRevC.60.055801},
  publisher = {American Physical Society}
}

@Article{SuperK,
  title = {Solar $B8$ and hep Neutrino Measurements from 1258 Days of Super-Kamiokande Data},
  collaboration = {(Super-Kamiokande Collaboration)},
  author = {Fukuda, S.  and others},
  journal = {Phys. Rev. Lett.},
  volume = {86},
  number = {25},
  pages = {5651--5655},
  numpages = {4},
  year = {2001},
  month = {Jun},
  doi = {10.1103/PhysRevLett.86.5651},
  publisher = {American Physical Society}
}

@article{Gallex,
title = "GALLEX solar neutrino observations: results for GALLEX IV",
journal = "Physics Letters B",
volume = "447",
number = "1-2",
pages = "127 - 133",
year = "1999",
note = "",
issn = "0370-2693",
doi = "DOI: 10.1016/S0370-2693(98)01579-2",
url = "http://www.sciencedirect.com/science/article/pii/S0370269398015792",
author = {W. Hampel and others}
}

@article{GNO,
title = "GNO solar neutrino observations: results for GNO I",
journal = "Physics Letters B",
volume = "490",
number = "1-2",
pages = "16 - 26",
year = "2000",
note = "",
issn = "0370-2693",
doi = "DOI: 10.1016/S0370-2693(00)00915-1",
url = "http://www.sciencedirect.com/science/article/pii/S0370269300009151",
author = "M. Altmann and others",
keywords = "Solar neutrinos",
keywords = "Gallium experiment",
keywords = "GNO",
keywords = "GALLEX",
keywords = "Neutrino mass"
}

@article{PREM,
title = "Preliminary reference Earth model",
journal = "Physics of The Earth and Planetary Interiors",
volume = "25",
number = "4",
pages = "297 - 356",
year = "1981",
note = "",
issn = "0031-9201",
doi = "DOI: 10.1016/0031-9201(81)90046-7",
url = "http://www.sciencedirect.com/science/article/pii/0031920181900467",
author = "Adam M. Dziewonski and Don L. Anderson"
}

@misc{BlairN16,
  title = {{NCD} Phase Day-Night Systematic Uncertainties from $^{16}${N} Data},
  author = "Blair Jamieson",
  howpublished = {SNO Internal Document},
  note={\url{http://manhattan.sno.laurentian.ca/sno/ananoteb.nsf/URL/MANN-76XT65}},
  year="2007",
  month="September"
}

@misc{PoonBlob,
  title = {Day-Night Asymmetry Study of the {B}erkeley {B}lob Position in Phase {III}},
  author = "Alan Poon",
  year = "2009",
  month = "April",
  note={\url{http://manhattan.sno.laurentian.ca/sno/ananoteb.nsf/URL/MANN-7R7NEX}}
}

@misc{HelenDayNight,
  title={Results from diurnal studies of radioactive backgrounds during the {NCD} phase of {SNO}},
  author="Helen O'Keefe",
  year="2009",
  month="April",
  note={\url{http://manhattan.sno.laurentian.ca/sno/ananoteb.nsf/URL/MANN-7QWHMF}}
}

@Article{DavisNuNuBar,
  title = {Attempt to Detect the Antineutrinos from a Nuclear Reactor by the $Cl37(\nu, e-)A37$ Reaction},
  author = {Davis, Raymond },
  journal = {Phys. Rev.},
  volume = {97},
  number = {3},
  pages = {766--769},
  numpages = {3},
  year = {1955},
  month = {Feb},
  doi = {10.1103/PhysRev.97.766},
  publisher = {American Physical Society}
}

@Article{DanNuMu,
  title = {Observation of High-Energy Neutrino Reactions and the Existence of Two Kinds of Neutrinos},
  author = {Danby, G.  and others},
  journal = {Phys. Rev. Lett.},
  volume = {9},
  number = {1},
  pages = {36--44},
  numpages = {8},
  year = {1962},
  month = {Jul},
  doi = {10.1103/PhysRevLett.9.36},
  publisher = {American Physical Society}
}

@Article{DONUTFinal,
  title = {Final tau-neutrino results from the DONuT experiment},
  collaboration = {DONuT Collaboration},
  author = {Kodama, K.  and others},
  journal = {Phys. Rev. D},
  volume = {78},
  number = {5},
  pages = {052002},
  numpages = {20},
  year = {2008},
  month = {Sep},
  doi = {10.1103/PhysRevD.78.052002},
  publisher = {American Physical Society}
}

@Article{WuPViolation,
  title = {Experimental Test of Parity Conservation in Beta Decay},
  author = {Wu, C. S. and Ambler, E.  and Hayward, R. W. and Hoppes, D. D. and Hudson, R. P.},
  journal = {Phys. Rev.},
  volume = {105},
  number = {4},
  pages = {1413--1415},
  numpages = {2},
  year = {1957},
  month = {Feb},
  doi = {10.1103/PhysRev.105.1413},
  publisher = {American Physical Society}
}

@article{NCDiscovery,
title = "Search for elastic muon-neutrino electron scattering",
journal = "Physics Letters B",
volume = "46",
number = "1",
pages = "121 - 124",
year = "1973",
note = "",
issn = "0370-2693",
doi = "DOI: 10.1016/0370-2693(73)90494-2",
url = "http://www.sciencedirect.com/science/article/pii/0370269373904942",
author = "F.J. Hasert and others"
}

@misc{PhysInt,
  title = {Neutrino Oscillation Analysis Documentation},
  author = "Nuno Barros",
  howpublished = {SNO Internal Document},
  year="2011",
  month="June"
}

@ARTICLE{SmirnovKidneyBean,
  author = {P.~C.~ {de Holanda} and A.~Yu  Smirnov},
  title = {LMA MSW solution of the solar neutrino problem and first KamLAND results},
  journal = {JCAP},
  volume = {0302},
  pages = {001},
  url = {doi:10.1088/1475-7516/2003/02/001},
  year = {2003}
}

@article{BahcallNuScattering,
  author = {John N. Bahcall},
  title = {Neutrino-electron scattering and solar neutrino experiments},
  journal = {Reviews of Modern Physics},
  volume = {59},
  pages = {505-521},
  year = {1987}
}
